@article{Turing1936_2,
	title={On computable numbers SS, with an application to the Entscheidungsproblem},
	author={Turing, Alan Mathison},
	journal={J. of Math},
	volume={58},
	pages={345--363},
	year={1936}
}